@book
{ gordon:introduction:1993,
  authors = {Michael J. C. Gordon and Tom Melham},
  booktitle = {Introduction to {HOL}, a theorem proving environment for higher-order logic},
  publisher = {Cambridge University Press},
  year = {1993}
}

@inproceedings
{ asperti:matita:2011,
  author = {Andrea Asperti and Wilmer Ricciotti and Claudio {Sacerdoti Coen} and Enrico Tassi},
  title  = {The {Matita} Interactive Theorem Prover},
  booktitle = {Automated Deduction {(CADE 23)}},
  pages = {64--69},
  volume = {6803},
  series = {Lecture Notes in Computer Science},
  year = {2011}
}

@inproceedings
{ asperti:new:2009,
  author = {Andrea Asperti and Wilmer Ricciotti and Claudio {Sacerdoti Coen} and Enrico Tassi},
  title = {A new type for tactics},
  booktitle = {The {ACM} {SIGSAM} International Workshop on Programming Languages for Mechanized Mathematics Systems {(PLMMS)}},
  pages = {22--27},
  year = {2009}
}

@inproceedings
{ gabbay:new:1999,
  author = {Murdoch J. Gabbay and Andrew M. Pitts},
  title = {A {NEW} approach to abstract syntax involving binders},
  booktitle = {The $14^th$ Annual Symposium on Logic in Computer Science {(LICS)})},
  pages = {214--224},
  year = {1999}
}

@inproceedings
{ harrison:hol:2009,
  author = {John Harrison},
  title = {{HOL Light}: an overview},
  booktitle = {The $22^nd$ International Conference on Theorem Proving in Higher-order Logics {(TPHOLS)}},
  pages = {60--66},
  series = {Lecture Notes in Computer Science},
  year = {2009}
}

@inproceedings
{ wiedijk:stateless:2011,
  author = {Freek Wiedijk},
  title = {Stateless {HOL}},
  booktitle = {Types for Proofs and Programs {(TYPES)})},
  pages = {47--61},
  series = {Electronic Proceedings in Theoretical Computer Science},
  year = {2011}
}